@book{Chandrasekhar1961,
  author  = {S. Chandrasekhar},
  title   = {Hydrodynamic and Hydromagnetic Stability},
  year    = {1961},
  publisher = {Oxford University Press}
}

@article{Randall2008,
  author  = {S. W. Randall and others},
  title   = {Constraints on the Self-Interaction Cross-Section of Dark Matter
             from Numerical Simulations of the Merging Galaxy Cluster 1E0657-56},
  journal = {The Astrophysical Journal},
  year    = {2008},
  volume  = {679},
  pages   = {1173--1180}
}

@article{BertottiIessTortora2003,
  author  = {B. Bertotti and L. Iess and P. Tortora},
  title   = {A test of general relativity using radio links with the Cassini spacecraft},
  journal = {Nature},
  year    = {2003},
  volume  = {425},
  pages   = {374--376}
}

@article{WillLivingReview2014,
  author  = {Clifford M. Will},
  title   = {The Confrontation between General Relativity and Experiment},
  journal = {Living Reviews in Relativity},
  year    = {2014},
  volume  = {17},
  pages   = {4}
}
